2917 4873
1032 479 1611 551 PROLOGUS.
2220 501 2362 557 xm

278 676 452 737 datus
481 667 816 753 reperitur
867 666 1217 746 ambigitur3
1267 685 1405 729 nam
1432 668 1570 729 fieri
1596 669 1830 748 potuit,
1878 674 1950 730 ιιι
1974 669 2193 743 caulis,
2219 673 2366 750 post
2392 740 2397 757 .

280 776 459 860 quam
507 776 627 837 flos
670 773 986 846 defloruit‚
1031 771 1424 865 prolongatus
1469 774 1551 853 sit
1579 780 1641 834 et
1683 772 1948 836 lateralis
1988 774 2189 835 factus
2222 773 2366 847 flos,

284 883 390 964 qui
414 885 589 942 antea
614 870 943 940 terminalis
979 875 1117 937 fuit
2183 906 2189 913 -

437 1012 847 1098 Quamobrem
891 1015 1013 1075 ruit
1053 1012 1155 1073 illa
1200 1012 1417 1075 divisio
1466 992 1528 1074 in
1576 1020 1824 1075 muscos
1880 1019 2247 1093 acrocarpos
2305 1018 2369 1076 et

288 1124 757 1206 pleurocarpoS‚
810 1120 1092 1198 quoniam
1130 1117 1366 1178 fructus
1399 1130 1589 1197 saepe
1616 1117 1879 1178 lateralis
1915 1123 2044 1193 est,
2098 1119 2279 1178 etiam
2302 1118 2369 1179 in

285 1230 358 1290 iis
406 1226 728 1308 generibus
745 1269 764 1298 ,
814 1232 974 1302 quae
1017 1229 1357 1302 aerocarp'a'
1381 1228 1833 1302 nuncupantur3
1885 1241 2023 1283 nam
2068 1241 2177 1283 cur
2218 1221 2369 1281 Bar*

283 1333 557 1393 tramiam
587 1328 1027 1400 Hallerianam‚
1074 1326 1300 1405 Bryum
1327 1323 1738 1387 ventricosum
1785 1324 1995 1390 Dicks.
2039 1331 2156 1387 etc.
2194 1336 2369 1388 acro·-

194 1422 205 1431 ’
285 1451 509 1517 carpos
538 1449 852 1512 nuncupas
868 1473 889 1505 ,
942 1434 1126 1508 quum
1152 1429 1388 1490 fructus
1419 1428 1683 1489 habeant
1703 1429 2032 1490 laterales?

440 1572 651 1652 Itaque
677 1566 792 1651 pro
825 1575 1117 1648 generum
1144 1566 1497 1628 definitione
1538 1567 1709 1647 floris
1754 1568 1904 1628 situs
1949 1542 2126 1629 caute
2174 1563 2373 1649 inqui-

285 1677 511 1738 rendus
557 1680 677 1767 est:v
712 1678 776 1735 et
832 1670 1086 1733 habebis
1150 1671 1402 1746 exinde,
1455 1671 1620 1750 qnod
1661 1668 1738 1732 ad
1796 1659 2068 1732 habitum
2114 1671 2378 1733 cuiusvis

250 1774 251 1781 ἵ
286 1783 481 1842 musci
520 1782 794 1860 spectat,
845 1774 1181 1838 acranthos
1222 1774 1724 1857 et‘pleurantlzoa
1755 1793 2024 1837 muscos.

443 1917 625 1996 Quod
654 1916 732 1978 ad
760 1907 1226 1994 dispositionem
1253 1910 1434 1973 huius
1465 1912 1603 1972 libri
1632 1911 1875 1987 attinet,
1924 1930 2059 1974 eam
2082 1912 2165 1972 ita
2197 1905 2374 1972 insti-

164 2064 167 2075 ·
288 2023 399 2097 tui,
436 2026 505 2082 ut
525 2039 768 2101 genera,
805 2018 1138 2078 secundum
1159 2018 1431 2078 habitum
1467 2017 1812 2097 specierum
1841 2018 1906 2077 in
1935 2006 2194 2077 familias
2226 2035 2375 2076 con

295 2129 500 2202 gesta,
552 2126 994 2183 enumerentur.
1098 2120 1303 2185 Finito
1329 2140 1485 2182 vero
1529 2134 1721 2201 opere
1767 2121 2055 2202 synopsis
2089 2138 2380 2199 generum

299 2226 375 2286 ad
405 2224 653 2285 modum
682 2225 1026 2300 systematis
1058 2211 1381 2284 artificialis
1414 2214 1813 2285 exhibebitur.
1915 2223 1985 2285 In
2012 2222 2378 2304 descriptio-

297 2328 473 2388 nibus
504 2326 703 2386 brevis
735 2341 878 2383 esse
905 2320 1136 2396 studui,
1188 2330 1474 2400 quantum
1507 2326 1737 2405 absque
1781 2327 2164 2409 ambiguitate
2193 2328 2382 2401 licuit,

292 2452 410 2493 nec
447 2429 668 2510 repetii
714 2426 780 2490 in
818 2424 1364 2506 dampnamus,
1418 2426 1474 2488 si
1529 2419 1665 2490 fleri
1706 2418 1941 2508 potuit,
1992 2430 2175 2492 verba
2224 2429 2379 2492 defi-

292 2536 607 2598 nitionum.

448 2668 606 2732 Post
631 2684 979 2738 muscorum
1003 2667 1298 2727 rariorum
1332 2666 1587 2746 patriam
1628 2667 1892 2749 apposui
1935 2668 2181 2732 nomina
2223 2669 2384 2733 viro-

290 2794 464 2850 rum,
517 2774 623 2858 qui
653 2773 984 2854 specimina
1009 2769 1311 2834 benevole
1334 2769 1533 2851 largiti
1561 2777 1721 2832 sunt.

454 2911 790 2975 Auctorum
811 2907 989 2969 locos
1020 2908 1194 2968 citavi
1223 2911 1454 2967 tantum
1487 2925 1598 2968 eos
1616 2951 1637 2983 ,
1687 2909 1792 2989 qui
1836 2911 2015 2991 primi
2052 2915 2155 2972 aut
2193 2908 2384 2993 pluri-

287 3027 466 3081 mum
479 3014 554 3076 ad
574 3013 943 3098 singulorum
956 3025 1303 3072 muscorum
1322 3010 1653 3090 plenariam
1669 3013 2076 3092 cognitionem
2088 3014 2391 3089 fecerunt,

287 3127 361 3185 et
400 3136 614 3180 omnes
644 3121 930 3198 quantum
956 3113 1168 3174 valui
1146 3127 1393 3177 leones·
1375 3155 1396 3189 ,
1439 3117 1618 3176 omisi
1664 3115 2019 3196 plerumque
2060 3121 2394 3198 systemata

284 3226 671 3308 plantarum,
724 3225 789 3282 et
828 3236 1175 3314 muscorum
1212 3209 1526 3281 universas
1551 3215 2053 3308 monographias‚
2108 3222 2390 3300 quoniam

288 3344 515 3392 earum
568 3342 716 3385 usus
769 3324 853 3386 ita
905 3322 1261 3385 commodus
1332 3328 1470 3400 est,
1545 3326 1615 3408 ut
1682 3325 1970 3389 citatione
2033 3326 2390 3407 paginarum

284 3449 515 3499 earum
537 3447 664 3491 non
688 3443 995 3509 egeamus.

456 3563 530 3629 In
554 3564 927 3647 synonymia
957 3582 1031 3628 ea
1054 3563 1330 3646 inprImis
1374 3561 1706 3626 omittenda
1748 3567 1994 3641 censui,
2043 3564 2127 3629 de
2170 3567 2391 3649 quibus

291 3672 468 3737 valet
492 3671 685 3751 Baylii
709 3669 929 3731 locus
907 3688 973 3731 m
999 3670 1129 3731 eius
1158 3666 1369 3730 Revue
1391 3667 1689 3730 medicale
1709 3689 1844 3731 ann.
1866 3665 2082 3737 1827.
2103 3690 2168 3796 p,-
2182 3667 2391 3738 804..

291 3772 422 3853 „’C
426 3779 524 3835 est
546 3778 824 3886 pentetre
848 3773 909 3836 la
932 3774 1239 3853 premiere
1271 3771 1431 3847 fois,
1466 3770 1563 3852 qu’
1566 3791 1647 3834 on
1673 3772 1936 3853 invoque
1965 3778 2027 3834 et
2058 3772 2154 3856 qu’
2156 3795 2239 3839 on
2257 3777 2393 3839 cite

288 3879 468 3959 „des
511 3845 753 3941 travaux
795 3878 1190 3952 manuscrits,
1242 3893 1402 3957 pour
1447 3874 1541 3938 les
1587 3895 1862 3958 opposer
1903 3878 1940 3939 δ
1982 3876 2093 3942 des
2132 3881 2390 3943 memol-

288 4000 457 4062 „res
503 3981 845 4061 imprimes,
899 4001 1021 4062 que
1061 3984 1199 4043 tout
1239 3979 1303 4041 le
1339 3978 1566 4042 monde
1608 3983 1760 4061 peut
1795 3980 1908 4043 lire
1952 3987 2018 4043 et
2063 3984 2390 4045 consulter.

286 4087 521 4168 „Dans
546 4103 671 4147 une
701 4084 1044 4150 discussion
1070 4084 1477 4168 polemique“
1506 4103 1591 4149 un
1617 4088 1831 4149 auteur
1856 4105 1979 4163 „ne
2005 4089 2255 4168 pouvait
2280 4106 2394 4169 par
